<collection xmlns="http://www.loc.gov/MARC21/slim"><record><leader>00801nam  2200277   450</leader><controlfield tag="001">884</controlfield><controlfield tag="003">http://montalegre.opacnet.com/OPAC/default.aspx?ContentAreaControl=ShowRegHoldings.ascx&amp;RegNo=16662</controlfield><controlfield tag="005">20</controlfield><datafield tag="010" ind1=" " ind2=" "><subfield code="a">972-41-2571-8</subfield></datafield><datafield tag="021" ind1=" " ind2=" "><subfield code="a">PT</subfield><subfield code="b">177688/02</subfield></datafield><datafield tag="100" ind1=" " ind2=" "><subfield code="a">20070315d2002    me y0pory0103    ba</subfield></datafield><datafield tag="101" ind1="1" ind2=" "><subfield code="a">por</subfield><subfield code="c">eng</subfield></datafield><datafield tag="102" ind1=" " ind2=" "><subfield code="a">PT</subfield></datafield><datafield tag="105" ind1=" " ind2=" "><subfield code="a">y   z   001zd</subfield></datafield><datafield tag="106" ind1=" " ind2=" "><subfield code="a">r</subfield></datafield><datafield tag="200" ind1="1" ind2=" "><subfield code="a">&lt;Uma &gt;promessa a Nadia</subfield><subfield code="f">Zana Muhsen</subfield><subfield code="g">trad. Tânia Ganho</subfield></datafield><datafield tag="205" ind1=" " ind2=" "><subfield code="a">5ª ed</subfield></datafield><datafield tag="210" ind1=" " ind2=" "><subfield code="a">Porto</subfield><subfield code="c">Asa</subfield><subfield code="d">2002</subfield></datafield><datafield tag="215" ind1=" " ind2=" "><subfield code="a">154, [3] p.</subfield><subfield code="d">24 cm</subfield></datafield><datafield tag="225" ind1="2" ind2=" "><subfield code="a">Documentos</subfield></datafield><datafield tag="304" ind1=" " ind2=" "><subfield code="a">Tít. orig.: A promise to Nadia</subfield></datafield><datafield tag="675" ind1=" " ind2=" "><subfield code="a">82-94</subfield></datafield><datafield tag="700" ind1=" " ind2="1"><subfield code="a">Muhsen</subfield><subfield code="b">Zana</subfield><subfield code="f">1964-</subfield></datafield><datafield tag="702" ind1=" " ind2="1"><subfield code="a">Ganho</subfield><subfield code="b">Tânia</subfield><subfield code="4">730</subfield></datafield><datafield tag="801" ind1=" " ind2="0"><subfield code="a">PT</subfield><subfield code="b">Biblioteca Municipal de Montalegre</subfield><subfield code="g">RPC</subfield></datafield><datafield tag="856" ind1=" " ind2=" "><subfield code="u">locateMedia.asp?cod=20060628095627&amp;ext=jpg</subfield><subfield code="z">CAPA</subfield></datafield><datafield tag="909" ind1="&#9;" ind2=" "><subfield code="a">1</subfield></datafield><datafield tag="966" ind1=" " ind2=" "><subfield code="a">0015503</subfield><subfield code="l">BMM</subfield><subfield code="s">SCG 82-94 MUS pro</subfield></datafield></record></collection>